<?xml version="1.0" encoding="utf-8"?>
<collection xmlns:xsi="http://www.w3.org/2001/XMLSchema-instance"
xmlns="http://www.loc.gov/MARC21/slim"
xsi:schemaLocation="http://www.loc.gov/MARC21/slim http://www.loc.gov/standards/marcxml/schema/MARC21slim.xsd">

  <record>
    <leader>01179cas a2200385 a 4500</leader>
    <controlfield tag="001">000317872</controlfield>
    <controlfield tag="003">MiAaHDL</controlfield>
    <controlfield tag="005">20131023000000.0</controlfield>
    <controlfield tag="006">m d</controlfield>
    <controlfield tag="007">cr bn ---auaua</controlfield>
    <controlfield tag="008">910409c19189999gw x 0
    0ger</controlfield>
    <datafield tag="010" ind1="" ind2="">
      <subfield code="a">91643523</subfield>
    </datafield>
    <datafield tag="020" ind1="" ind2="">
      <subfield code="a">3608916105</subfield>
    </datafield>
    <datafield tag="022" ind1="" ind2="">
      <subfield code="a">0934-8735</subfield>
    </datafield>
    <datafield tag="035" ind1="" ind2="">
      <subfield code="a">(MiU)000317872</subfield>
    </datafield>
    <datafield tag="035" ind1="" ind2="">
      <subfield code="a">sdr-wu293073</subfield>
    </datafield>
    <datafield tag="035" ind1="" ind2="">
      <subfield code="a">sdr-ucbk.b122166243</subfield>
    </datafield>
    <datafield tag="035" ind1="" ind2="">
      <subfield code="a">sdr-miu.990003178720106381</subfield>
    </datafield>
    <datafield tag="035" ind1="" ind2="">
      <subfield code="a">(OCoLC)3332805</subfield>
    </datafield>
    <datafield tag="035" ind1="" ind2="">
      <subfield code="a">(OCoLC)23441370</subfield>
    </datafield>
    <datafield tag="040" ind1="" ind2="">
      <subfield code="a">DLC</subfield>
      <subfield code="c">DLC</subfield>
      <subfield code="d">GUA</subfield>
      <subfield code="d">SYS</subfield>
      <subfield code="d">MiU</subfield>
    </datafield>
    <datafield tag="042" ind1="" ind2="">
      <subfield code="a">lc</subfield>
    </datafield>
    <datafield tag="043" ind1="" ind2="">
      <subfield code="a">e-gx---</subfield>
    </datafield>
    <datafield tag="050" ind1="0" ind2="0">
      <subfield code="a">DD901.S96</subfield>
      <subfield code="b">C48</subfield>
    </datafield>
    <datafield tag="082" ind1="0" ind2="0">
      <subfield code="a">943/.4715/00202</subfield>
      <subfield code="2">20</subfield>
    </datafield>
    <datafield tag="245" ind1="0" ind2="0">
      <subfield code="a">Chronik der Stadt Stuttgart.</subfield>
    </datafield>
    <datafield tag="260" ind1="" ind2="">
      <subfield code="a">Stuttgart :</subfield>
      <subfield code="b">E. Klett Verlag,</subfield>
      <subfield code="c">[1967-</subfield>
    </datafield>
    <datafield tag="300" ind1="" ind2="">
      <subfield code="a">v. :</subfield>
      <subfield code="b">ill. ;</subfield>
      <subfield code="c">24 cm.</subfield>
    </datafield>
    <datafield tag="310" ind1="" ind2="">
      <subfield code="a">Irregular</subfield>
    </datafield>
    <datafield tag="362" ind1="0" ind2="">
      <subfield code="a">1913/1918-</subfield>
    </datafield>
    <datafield tag="490" ind1="" ind2="0">
      <subfield code="a">Veröffentlichungen des Archivs der Stadt
      Stuttgart ;</subfield>
      <subfield code="v">
      Bd.16-17,25,27-28,30,38-39,42-43,48,50-51,54,64,74,83,95</subfield>
    </datafield>
    <datafield tag="500" ind1="" ind2="">
      <subfield code="a">Latest issue consulted:
      2000/2002.</subfield>
    </datafield>
    <datafield tag="500" ind1="" ind2="">
      <subfield code="a">Published: Klett-Cotta, &lt;1990&gt;-1997;
      Hohenheim Verlag, 2000-</subfield>
    </datafield>
    <datafield tag="538" ind1="" ind2="">
      <subfield code="a">Mode of access: Internet.</subfield>
    </datafield>
    <datafield tag="651" ind1="" ind2="0">
      <subfield code="a">Stuttgart (Germany)</subfield>
      <subfield code="x">History.</subfield>
    </datafield>
    <datafield tag="CID" ind1="" ind2="">
      <subfield code="a">000317872</subfield>
    </datafield>
    <datafield tag="DAT" ind1="0" ind2="">
      <subfield code="a">20101108</subfield>
      <subfield code="b">20131023000000.0</subfield>
    </datafield>
    <datafield tag="DAT" ind1="1" ind2="">
      <subfield code="a">20131023122012.0</subfield>
      <subfield code="b">2019-07-22T18:31:55Z</subfield>
    </datafield>
    <datafield tag="DAT" ind1="2" ind2="">
      <subfield code="a">2019-07-22T18:00:03Z</subfield>
    </datafield>
    <datafield tag="CAT" ind1="" ind2="">
      <subfield code="a">SDR-MIU-UPD</subfield>
      <subfield code="d">EX LIBRIS - ALEPH</subfield>
      <subfield code="l">loader.pl-003-000</subfield>
    </datafield>
    <datafield tag="COM" ind1="" ind2="">
      <subfield code="d">20101108</subfield>
      <subfield code="m">This record was modified while in the
      University of Michigan Aleph system for one of the following
      reasons: to resolve an incorrect bibliographically determined
      rights status, to include a new OCLC number, or to otherwise
      address or update incorrect or incomplete
      metadata.</subfield>
    </datafield>
    <datafield tag="FMT" ind1="" ind2="">
      <subfield code="a">SE</subfield>
    </datafield>
    <datafield tag="HOL" ind1="" ind2="">
      <subfield code="0">sdr-wu293073</subfield>
      <subfield code="a">wu</subfield>
      <subfield code="b">SDR</subfield>
      <subfield code="c">WU</subfield>
      <subfield code="p">wu.89040695843</subfield>
      <subfield code="s">WU</subfield>
      <subfield code="z">54</subfield>
      <subfield code="1">293073</subfield>
    </datafield>
    <datafield tag="974" ind1="" ind2="">
      <subfield code="b">WU</subfield>
      <subfield code="c">WU</subfield>
      <subfield code="d">20190722</subfield>
      <subfield code="s">google</subfield>
      <subfield code="u">wu.89040695843</subfield>
      <subfield code="z">54</subfield>
      <subfield code="r">und</subfield>
      <subfield code="q">bib</subfield>
      <subfield code="t">non-US bib date2 &gt;= 1927</subfield>
    </datafield>
    <datafield tag="974" ind1="" ind2="">
      <subfield code="b">WU</subfield>
      <subfield code="c">WU</subfield>
      <subfield code="d">20190722</subfield>
      <subfield code="s">google</subfield>
      <subfield code="u">wu.89035686237</subfield>
      <subfield code="z">51</subfield>
      <subfield code="r">und</subfield>
      <subfield code="q">bib</subfield>
      <subfield code="t">non-US bib date2 &gt;= 1927</subfield>
    </datafield>
    <datafield tag="974" ind1="" ind2="">
      <subfield code="b">WU</subfield>
      <subfield code="c">WU</subfield>
      <subfield code="d">20190722</subfield>
      <subfield code="s">google</subfield>
      <subfield code="u">wu.89034206557</subfield>
      <subfield code="z">50</subfield>
      <subfield code="r">und</subfield>
      <subfield code="q">bib</subfield>
      <subfield code="t">non-US bib date2 &gt;= 1927</subfield>
    </datafield>
    <datafield tag="974" ind1="" ind2="">
      <subfield code="b">WU</subfield>
      <subfield code="c">WU</subfield>
      <subfield code="d">20190722</subfield>
      <subfield code="s">google</subfield>
      <subfield code="u">wu.89031736606</subfield>
      <subfield code="z">48</subfield>
      <subfield code="r">und</subfield>
      <subfield code="q">bib</subfield>
      <subfield code="t">non-US bib date2 &gt;= 1927</subfield>
    </datafield>
    <datafield tag="974" ind1="" ind2="">
      <subfield code="b">WU</subfield>
      <subfield code="c">WU</subfield>
      <subfield code="d">20190722</subfield>
      <subfield code="s">google</subfield>
      <subfield code="u">wu.89015154107</subfield>
      <subfield code="z">43</subfield>
      <subfield code="r">und</subfield>
      <subfield code="q">bib</subfield>
      <subfield code="t">non-US bib date2 &gt;= 1927</subfield>
    </datafield>
    <datafield tag="974" ind1="" ind2="">
      <subfield code="b">WU</subfield>
      <subfield code="c">WU</subfield>
      <subfield code="d">20190722</subfield>
      <subfield code="s">google</subfield>
      <subfield code="u">wu.89015882251</subfield>
      <subfield code="z">42</subfield>
      <subfield code="r">und</subfield>
      <subfield code="q">bib</subfield>
      <subfield code="t">non-US bib date2 &gt;= 1927</subfield>
    </datafield>
    <datafield tag="974" ind1="" ind2="">
      <subfield code="b">WU</subfield>
      <subfield code="c">WU</subfield>
      <subfield code="d">20190722</subfield>
      <subfield code="s">google</subfield>
      <subfield code="u">wu.89083724617</subfield>
      <subfield code="z">v.95</subfield>
      <subfield code="r">und</subfield>
      <subfield code="q">bib</subfield>
      <subfield code="t">non-US bib date2 &gt;= 1927</subfield>
    </datafield>
    <datafield tag="974" ind1="" ind2="">
      <subfield code="b">WU</subfield>
      <subfield code="c">WU</subfield>
      <subfield code="d">20190722</subfield>
      <subfield code="s">google</subfield>
      <subfield code="u">wu.89073979635</subfield>
      <subfield code="z">v.83</subfield>
      <subfield code="r">und</subfield>
      <subfield code="q">bib</subfield>
      <subfield code="t">non-US bib date2 &gt;= 1927</subfield>
    </datafield>
    <datafield tag="974" ind1="" ind2="">
      <subfield code="b">WU</subfield>
      <subfield code="c">WU</subfield>
      <subfield code="d">20190722</subfield>
      <subfield code="s">google</subfield>
      <subfield code="u">wu.89061882742</subfield>
      <subfield code="z">74</subfield>
      <subfield code="r">und</subfield>
      <subfield code="q">bib</subfield>
      <subfield code="t">non-US bib date2 &gt;= 1927</subfield>
    </datafield>
    <datafield tag="974" ind1="" ind2="">
      <subfield code="b">WU</subfield>
      <subfield code="c">WU</subfield>
      <subfield code="d">20190722</subfield>
      <subfield code="s">google</subfield>
      <subfield code="u">wu.89001246172</subfield>
      <subfield code="z">25</subfield>
      <subfield code="r">und</subfield>
      <subfield code="q">bib</subfield>
      <subfield code="t">non-US bib date2 &gt;= 1927</subfield>
    </datafield>
    <datafield tag="974" ind1="" ind2="">
      <subfield code="b">WU</subfield>
      <subfield code="c">WU</subfield>
      <subfield code="d">20190722</subfield>
      <subfield code="s">google</subfield>
      <subfield code="u">wu.89015573173</subfield>
      <subfield code="z">39</subfield>
      <subfield code="r">und</subfield>
      <subfield code="q">bib</subfield>
      <subfield code="t">non-US bib date2 &gt;= 1927</subfield>
    </datafield>
    <datafield tag="974" ind1="" ind2="">
      <subfield code="b">WU</subfield>
      <subfield code="c">WU</subfield>
      <subfield code="d">20190722</subfield>
      <subfield code="s">google</subfield>
      <subfield code="u">wu.89015573165</subfield>
      <subfield code="z">38</subfield>
      <subfield code="r">und</subfield>
      <subfield code="q">bib</subfield>
      <subfield code="t">non-US bib date2 &gt;= 1927</subfield>
    </datafield>
    <datafield tag="974" ind1="" ind2="">
      <subfield code="b">WU</subfield>
      <subfield code="c">WU</subfield>
      <subfield code="d">20190722</subfield>
      <subfield code="s">google</subfield>
      <subfield code="u">wu.89003973724</subfield>
      <subfield code="z">30</subfield>
      <subfield code="r">und</subfield>
      <subfield code="q">bib</subfield>
      <subfield code="t">non-US bib date2 &gt;= 1927</subfield>
    </datafield>
    <datafield tag="974" ind1="" ind2="">
      <subfield code="b">WU</subfield>
      <subfield code="c">WU</subfield>
      <subfield code="d">20190722</subfield>
      <subfield code="s">google</subfield>
      <subfield code="u">wu.89001246198</subfield>
      <subfield code="z">28</subfield>
      <subfield code="r">und</subfield>
      <subfield code="q">bib</subfield>
      <subfield code="t">non-US bib date2 &gt;= 1927</subfield>
    </datafield>
    <datafield tag="974" ind1="" ind2="">
      <subfield code="b">WU</subfield>
      <subfield code="c">WU</subfield>
      <subfield code="d">20190722</subfield>
      <subfield code="s">google</subfield>
      <subfield code="u">wu.89001246180</subfield>
      <subfield code="z">27</subfield>
      <subfield code="r">und</subfield>
      <subfield code="q">bib</subfield>
      <subfield code="t">non-US bib date2 &gt;= 1927</subfield>
    </datafield>
    <datafield tag="974" ind1="" ind2="">
      <subfield code="b">UC</subfield>
      <subfield code="c">UCBK</subfield>
      <subfield code="d">20201025</subfield>
      <subfield code="s">google</subfield>
      <subfield code="u">uc1.c031760219</subfield>
      <subfield code="z">1913/18</subfield>
      <subfield code="y">1918</subfield>
      <subfield code="r">pdus</subfield>
      <subfield code="q">bib</subfield>
      <subfield code="t">non-US serial item date between 1897 and
      1927</subfield>
    </datafield>
    <datafield tag="974" ind1="" ind2="">
      <subfield code="b">MIU</subfield>
      <subfield code="c">MIU</subfield>
      <subfield code="d">20210926</subfield>
      <subfield code="s">google</subfield>
      <subfield code="u">mdp.39015023150058</subfield>
      <subfield code="z">1913/1918</subfield>
      <subfield code="y">1918</subfield>
      <subfield code="r">pdus</subfield>
      <subfield code="q">bib</subfield>
      <subfield code="t">non-US serial item date between 1897 and
      1927</subfield>
    </datafield>
    <datafield tag="974" ind1="" ind2="">
      <subfield code="b">MIU</subfield>
      <subfield code="c">MIU</subfield>
      <subfield code="d">20220531</subfield>
      <subfield code="s">google</subfield>
      <subfield code="u">mdp.39015023150066</subfield>
      <subfield code="z">1918/1933</subfield>
      <subfield code="y">1933</subfield>
      <subfield code="r">ic</subfield>
      <subfield code="q">bib</subfield>
      <subfield code="t">non-US serial item date &gt;=
      1927</subfield>
    </datafield>
    <datafield tag="974" ind1="" ind2="">
      <subfield code="b">MIU</subfield>
      <subfield code="c">MIU</subfield>
      <subfield code="d">20210925</subfield>
      <subfield code="s">google</subfield>
      <subfield code="u">mdp.39015008573613</subfield>
      <subfield code="z">1945/1948</subfield>
      <subfield code="y">1948</subfield>
      <subfield code="r">ic</subfield>
      <subfield code="q">bib</subfield>
      <subfield code="t">non-US serial item date &gt;=
      1927</subfield>
    </datafield>
    <datafield tag="974" ind1="" ind2="">
      <subfield code="b">MIU</subfield>
      <subfield code="c">MIU</subfield>
      <subfield code="d">20210925</subfield>
      <subfield code="s">google</subfield>
      <subfield code="u">mdp.39015008573605</subfield>
      <subfield code="z">1949/1953</subfield>
      <subfield code="y">1953</subfield>
      <subfield code="r">ic</subfield>
      <subfield code="q">bib</subfield>
      <subfield code="t">non-US serial item date &gt;=
      1927</subfield>
    </datafield>
    <datafield tag="974" ind1="" ind2="">
      <subfield code="b">MIU</subfield>
      <subfield code="c">MIU</subfield>
      <subfield code="d">20210919</subfield>
      <subfield code="s">google</subfield>
      <subfield code="u">mdp.39015008573639</subfield>
      <subfield code="z">1954/1960</subfield>
      <subfield code="y">1960</subfield>
      <subfield code="r">ic</subfield>
      <subfield code="q">bib</subfield>
      <subfield code="t">non-US serial item date &gt;=
      1927</subfield>
    </datafield>
    <datafield tag="974" ind1="" ind2="">
      <subfield code="b">MIU</subfield>
      <subfield code="c">MIU</subfield>
      <subfield code="d">20210919</subfield>
      <subfield code="s">google</subfield>
      <subfield code="u">mdp.39015008573621</subfield>
      <subfield code="z">1933/1945</subfield>
      <subfield code="y">1945</subfield>
      <subfield code="r">ic</subfield>
      <subfield code="q">bib</subfield>
      <subfield code="t">non-US serial item date &gt;=
      1927</subfield>
    </datafield>
    <datafield tag="974" ind1="" ind2="">
      <subfield code="b">MIU</subfield>
      <subfield code="c">MIU</subfield>
      <subfield code="d">20210925</subfield>
      <subfield code="s">google</subfield>
      <subfield code="u">mdp.39015049794426</subfield>
      <subfield code="z">1961/1965</subfield>
      <subfield code="y">1965</subfield>
      <subfield code="r">ic</subfield>
      <subfield code="q">bib</subfield>
      <subfield code="t">non-US serial item date &gt;=
      1927</subfield>
    </datafield>
    <datafield tag="974" ind1="" ind2="">
      <subfield code="b">MIU</subfield>
      <subfield code="c">MIU</subfield>
      <subfield code="d">20210925</subfield>
      <subfield code="s">google</subfield>
      <subfield code="u">mdp.39015051418427</subfield>
      <subfield code="z">1966/1969</subfield>
      <subfield code="y">1969</subfield>
      <subfield code="r">ic</subfield>
      <subfield code="q">bib</subfield>
      <subfield code="t">non-US serial item date &gt;=
      1927</subfield>
    </datafield>
    <datafield tag="974" ind1="" ind2="">
      <subfield code="b">MIU</subfield>
      <subfield code="c">MIU</subfield>
      <subfield code="d">20210918</subfield>
      <subfield code="s">google</subfield>
      <subfield code="u">mdp.39015014951456</subfield>
      <subfield code="z">1970/1972</subfield>
      <subfield code="y">1972</subfield>
      <subfield code="r">ic</subfield>
      <subfield code="q">bib</subfield>
      <subfield code="t">non-US serial item date &gt;=
      1927</subfield>
    </datafield>
    <datafield tag="974" ind1="" ind2="">
      <subfield code="b">MIU</subfield>
      <subfield code="c">MIU</subfield>
      <subfield code="d">20220531</subfield>
      <subfield code="s">google</subfield>
      <subfield code="u">mdp.39015051418443</subfield>
      <subfield code="z">1973/1975</subfield>
      <subfield code="y">1975</subfield>
      <subfield code="r">ic</subfield>
      <subfield code="q">bib</subfield>
      <subfield code="t">non-US serial item date &gt;=
      1927</subfield>
    </datafield>
    <datafield tag="974" ind1="" ind2="">
      <subfield code="b">MIU</subfield>
      <subfield code="c">MIU</subfield>
      <subfield code="d">20220531</subfield>
      <subfield code="s">google</subfield>
      <subfield code="u">mdp.39015017931588</subfield>
      <subfield code="z">1976/1979</subfield>
      <subfield code="y">1979</subfield>
      <subfield code="r">ic</subfield>
      <subfield code="q">bib</subfield>
      <subfield code="t">non-US serial item date &gt;=
      1927</subfield>
    </datafield>
    <datafield tag="974" ind1="" ind2="">
      <subfield code="b">MIU</subfield>
      <subfield code="c">MIU</subfield>
      <subfield code="d">20210918</subfield>
      <subfield code="s">google</subfield>
      <subfield code="u">mdp.39015019566796</subfield>
      <subfield code="z">1980/1983</subfield>
      <subfield code="y">1983</subfield>
      <subfield code="r">ic</subfield>
      <subfield code="q">bib</subfield>
      <subfield code="t">non-US serial item date &gt;=
      1927</subfield>
    </datafield>
    <datafield tag="974" ind1="" ind2="">
      <subfield code="b">MIU</subfield>
      <subfield code="c">MIU</subfield>
      <subfield code="d">20210925</subfield>
      <subfield code="s">google</subfield>
      <subfield code="u">mdp.39015018470362</subfield>
      <subfield code="z">1984/1987</subfield>
      <subfield code="y">1987</subfield>
      <subfield code="r">ic</subfield>
      <subfield code="q">bib</subfield>
      <subfield code="t">non-US serial item date &gt;=
      1927</subfield>
    </datafield>
    <datafield tag="974" ind1="" ind2="">
      <subfield code="b">MIU</subfield>
      <subfield code="c">MIU</subfield>
      <subfield code="d">20210926</subfield>
      <subfield code="s">google</subfield>
      <subfield code="u">mdp.39015025179295</subfield>
      <subfield code="z">1988/1990</subfield>
      <subfield code="y">1990</subfield>
      <subfield code="r">ic</subfield>
      <subfield code="q">bib</subfield>
      <subfield code="t">non-US serial item date &gt;=
      1927</subfield>
    </datafield>
    <datafield tag="974" ind1="" ind2="">
      <subfield code="b">MIU</subfield>
      <subfield code="c">MIU</subfield>
      <subfield code="d">20211120</subfield>
      <subfield code="s">google</subfield>
      <subfield code="u">mdp.39015038421098</subfield>
      <subfield code="z">1991/1993</subfield>
      <subfield code="y">1993</subfield>
      <subfield code="r">ic</subfield>
      <subfield code="q">bib</subfield>
      <subfield code="t">non-US serial item date &gt;=
      1927</subfield>
    </datafield>
    <datafield tag="974" ind1="" ind2="">
      <subfield code="b">MIU</subfield>
      <subfield code="c">MIU</subfield>
      <subfield code="d">20211120</subfield>
      <subfield code="s">google</subfield>
      <subfield code="u">mdp.39015041763106</subfield>
      <subfield code="z">1994/1996</subfield>
      <subfield code="y">1996</subfield>
      <subfield code="r">ic</subfield>
      <subfield code="q">bib</subfield>
      <subfield code="t">non-US serial item date &gt;=
      1927</subfield>
    </datafield>
    <datafield tag="974" ind1="" ind2="">
      <subfield code="b">MIU</subfield>
      <subfield code="c">MIU</subfield>
      <subfield code="d">20211119</subfield>
      <subfield code="s">google</subfield>
      <subfield code="u">mdp.39015043199945</subfield>
      <subfield code="z">1997/1999</subfield>
      <subfield code="y">1999</subfield>
      <subfield code="r">ic</subfield>
      <subfield code="q">bib</subfield>
      <subfield code="t">non-US serial item date &gt;=
      1927</subfield>
    </datafield>
    <datafield tag="974" ind1="" ind2="">
      <subfield code="b">MIU</subfield>
      <subfield code="c">MIU</subfield>
      <subfield code="d">20211120</subfield>
      <subfield code="s">google</subfield>
      <subfield code="u">mdp.39015063381621</subfield>
      <subfield code="z">2000/2002</subfield>
      <subfield code="y">2002</subfield>
      <subfield code="r">ic</subfield>
      <subfield code="q">bib</subfield>
      <subfield code="t">non-US serial item date &gt;=
      1927</subfield>
    </datafield>
    <datafield tag="974" ind1="" ind2="">
      <subfield code="b">MIU</subfield>
      <subfield code="c">MIU</subfield>
      <subfield code="d">20210923</subfield>
      <subfield code="s">google</subfield>
      <subfield code="u">mdp.39015078588566</subfield>
      <subfield code="z">2003/2006</subfield>
      <subfield code="y">2006</subfield>
      <subfield code="r">ic</subfield>
      <subfield code="q">bib</subfield>
      <subfield code="t">non-US serial item date &gt;=
      1927</subfield>
    </datafield>
  </record>
</collection>
